<record><leader>00000cas a22000007a 4500</leader><controlfield tag="001">8799715</controlfield><controlfield tag="008">820923d18611861cauir ne      0   a0eng  </controlfield><controlfield tag="009">466</controlfield><datafield ind1=" " ind2=" " tag="010"><subfield code="a">sn 82015001 </subfield></datafield><datafield ind1=" " ind2=" " tag="040"><subfield code="a">DLC</subfield><subfield code="b">eng</subfield><subfield code="c">DLC</subfield><subfield code="d">CNK</subfield><subfield code="d">OCL</subfield><subfield code="d">OCLCQ</subfield><subfield code="d">OCLCO</subfield><subfield code="d">OCLCF</subfield></datafield><datafield ind1="1" ind2=" " tag="029"><subfield code="a">AU@</subfield><subfield code="b">000020225294</subfield></datafield><datafield ind1=" " ind2=" " tag="042"><subfield code="a">msc</subfield></datafield><datafield ind1="0" ind2="0" tag="050"><subfield code="a">Newspaper 7133</subfield></datafield><datafield ind1="0" ind2=" " tag="130"><subfield code="a">Tri-weekly independent (Red Bluff, Calif.)</subfield></datafield><datafield ind1="0" ind2="0" tag="245"><subfield code="a">Tri-weekly independent.</subfield></datafield><datafield ind1="1" ind2="0" tag="246"><subfield code="a">Triweekly independent</subfield></datafield><datafield ind1=" " ind2=" " tag="260"><subfield code="a">Red Bluff, Calif. :</subfield><subfield code="b">Chalmers &amp; Bishop,</subfield><subfield code="c">-1861.</subfield></datafield><datafield ind1=" " ind2=" " tag="300"><subfield code="a">v. :</subfield><subfield code="b">ill. (chiefly advertisements) ;</subfield><subfield code="c">52 cm.</subfield></datafield><datafield ind1=" " ind2=" " tag="310"><subfield code="a">Three times a week</subfield></datafield><datafield ind1="0" ind2=" " tag="362"><subfield code="a">Vol. 1, no. 86 (June 4, 1861)-v. 2, no. 17 (Sept. 7, 1861).</subfield></datafield><datafield ind1=" " ind2=" " tag="500"><subfield code="a">Published on Tuesday, Thursday and Saturday.</subfield></datafield><datafield ind1=" " ind2="0" tag="651"><subfield code="a">Red Bluff (Calif.)</subfield><subfield code="v">Newspapers.</subfield></datafield><datafield ind1=" " ind2="7" tag="655"><subfield code="a">Newspapers.</subfield><subfield code="2">fast</subfield><subfield code="0">(OCoLC)fst01423814</subfield></datafield><datafield ind1=" " ind2="7" tag="651"><subfield code="a">California</subfield><subfield code="z">Red Bluff.</subfield><subfield code="2">fast</subfield><subfield code="0">(OCoLC)fst01215515</subfield></datafield><datafield ind1=" " ind2=" " tag="752"><subfield code="a">United States</subfield><subfield code="b">California</subfield><subfield code="c">Tehama</subfield><subfield code="d">Red Bluff.</subfield></datafield><datafield ind1="0" ind2="0" tag="780"><subfield code="t">Semi-weekly independent (Red Bluff, Calif. : 1860)</subfield><subfield code="w">(DLC)sn 95062096</subfield></datafield><datafield ind1="0" ind2="0" tag="785"><subfield code="t">Semi-weekly independent (Red Bluff, Calif. : 1861)</subfield><subfield code="w">(DLC)sn 82014927</subfield></datafield></record>